<?xml version="1.0" encoding="UTF-8"?><collection xmlns="http://www.loc.gov/MARC21/slim"><record><leader>00576nam--2200193-i-4500</leader><controlfield tag="001">000029540</controlfield><controlfield tag="002">20161230</controlfield><controlfield tag="005">20161230201037</controlfield><controlfield tag="008">060222s1000------------r-----000-0-eng-d</controlfield><datafield ind1=" " ind2=" " tag="040"><subfield code="a">IFIN-HH</subfield></datafield><datafield ind1=" " ind2=" " tag="080"><subfield code="a">519.4</subfield></datafield><datafield ind1="1" ind2=" " tag="100"><subfield code="a">Tondeur, Philippe</subfield></datafield><datafield ind1="1" ind2="0" tag="245"><subfield code="a">Introduction to lie groups and transformation groups</subfield><subfield code="b">Lecture notes in mathematics. vol.7</subfield><subfield code="c">Philippe tondeur</subfield></datafield><datafield ind1=" " ind2=" " tag="250"><subfield code="a">Second Edition</subfield></datafield><datafield ind1=" " ind2=" " tag="260"><subfield code="a">Berlin</subfield><subfield code="b">Springer-verlag</subfield><subfield code="c">1969</subfield></datafield><datafield ind1=" " ind2=" " tag="300"><subfield code="a">VII+176P</subfield></datafield><datafield ind1=" " ind2=" " tag="490"><subfield code="a">Lecture Notes In Mathematics</subfield><subfield code="v">Vol.7</subfield></datafield><datafield ind1=" " ind2=" " tag="852"><subfield code="a">36400</subfield><subfield code="c">519.4/5</subfield></datafield><datafield ind1=" " ind2=" " tag="CAT"><subfield code="a">Sys</subfield><subfield code="c">20130812</subfield><subfield code="h">174718</subfield></datafield></record></collection>